<?xml version="1.0" encoding="UTF-8"?>
<record xmlns="http://www.loc.gov/MARC21/slim">
  <leader>03056cam a2200553 a 4500</leader>
  <controlfield tag="001">programstudiesjhs81albe</controlfield>
  <controlfield tag="003">CaSfIA</controlfield>
  <controlfield tag="005">20151008010651.0</controlfield>
  <controlfield tag="007">cr||||||||||||</controlfield>
  <controlfield tag="008">900131s1978    abc          s      eng c</controlfield>
  <datafield tag="035" ind1=" " ind2=" ">
    <subfield code="a">ocm07576431</subfield>
  </datafield>
  <datafield tag="040" ind1=" " ind2=" ">
    <subfield code="b">eng</subfield>
    <subfield code="d">CaSfIA</subfield>
  </datafield>
  <datafield tag="049" ind1=" " ind2=" ">
    <subfield code="a">AEU</subfield>
    <subfield code="b">eng</subfield>
  </datafield>
  <datafield tag="055" ind1=" " ind2="3">
    <subfield code="a">LB 1629.5 A3</subfield>
    <subfield code="b">A35 1978 gr.07-09</subfield>
  </datafield>
  <datafield tag="090" ind1="0" ind2=" ">
    <subfield code="a">LB 1629.5 A3 A35 1978 gr.07-09</subfield>
  </datafield>
  <datafield tag="090" ind1="1" ind2=" ">
    <subfield code="a">LB/1629.5/A333/JH/1978</subfield>
    <subfield code="b">DOC</subfield>
    <subfield code="m">AE 1978 0135</subfield>
  </datafield>
  <datafield tag="090" ind1="0" ind2=" ">
    <subfield code="a">LB/1629.5/A333/JH/1978</subfield>
    <subfield code="b">LAB</subfield>
  </datafield>
  <datafield tag="245" ind1="0" ind2="0">
    <subfield code="a">Program of studies for junior high schools.</subfield>
    <subfield code="h">[electronic resource] </subfield>
  </datafield>
  <datafield tag="260" ind1="0" ind2=" ">
    <subfield code="a">[Edmonton, Alta.] :</subfield>
    <subfield code="b">Alberta Education,</subfield>
    <subfield code="c">1978.</subfield>
  </datafield>
  <datafield tag="300" ind1=" " ind2=" ">
    <subfield code="a">vi, 119 p. ;</subfield>
    <subfield code="c">26 cm.</subfield>
  </datafield>
  <datafield tag="490" ind1="1" ind2=" ">
    <subfield code="a">[Alberta curriculum guides]</subfield>
  </datafield>
  <datafield tag="596" ind1=" " ind2=" ">
    <subfield code="a">2 38 41</subfield>
  </datafield>
  <datafield tag="597" ind1=" " ind2=" ">
    <subfield code="a">2:LB 1629.5 A3 A35 1978 gr.07-09 amend. 1979</subfield>
    <subfield code="a">3:LB 1629.5 A3 A35 1978 gr.07-09 amend. 1979</subfield>
    <subfield code="a">4:LB 1629.5 A3 A35 1978 gr.07-09 amend. 1980</subfield>
    <subfield code="a">5:LB 1629.5 A3 A35 1978 gr.07-09 amend. 1980</subfield>
    <subfield code="a">6:LB 1629.5 A3 A35 1978 gr.07-09 amend. 1981</subfield>
    <subfield code="a">7:LB 1629.5 A3 A35 1978 gr.07-09 amend. 1981</subfield>
    <subfield code="a">8:LB 1629.5 A3 A35 1978 gr.07-09 amend. 1982</subfield>
    <subfield code="a">9:LB 1629.5 A3 A35 1978 gr.07-09 amend. 1982</subfield>
    <subfield code="a">10:LB 1629.5 A3 A35 1978 gr.07-09 amend. 1983</subfield>
    <subfield code="a">11:LB 1629.5 A3 A35 1978 gr.07-09 amend. 1997</subfield>
    <subfield code="a">12:LB 1629.5 A3 A35 1978 gr.07-09 amend. 1997</subfield>
  </datafield>
  <datafield tag="650" ind1=" " ind2="0">
    <subfield code="a">Education</subfield>
    <subfield code="z">Alberta</subfield>
    <subfield code="x">Curricula.</subfield>
  </datafield>
  <datafield tag="650" ind1=" " ind2="0">
    <subfield code="a">Education, Secondary</subfield>
    <subfield code="x">Outlines, syllabi, etc.</subfield>
    <subfield code="z">Alberta.</subfield>
  </datafield>
  <datafield tag="710" ind1="1" ind2="0">
    <subfield code="a">Alberta.</subfield>
    <subfield code="b">Alberta Education.</subfield>
  </datafield>
  <datafield tag="830" ind1=" " ind2="0">
    <subfield code="a">Alberta curriculum guides.</subfield>
  </datafield>
  <datafield tag="856" ind1="4" ind2="1">
    <subfield code="u">http://archive.org/details/programstudiesjhs81albe</subfield>
    <subfield code="z">Free eBook from the Internet Archive</subfield>
  </datafield>
  <datafield tag="039" ind1="0" ind2=" ">
    <subfield code="f">eah</subfield>
  </datafield>
</record>
